@article{schroder2005fast,
  title={Fast foods and ethical consumer value: a focus on McDonald's and KFC},
  author={Schr{\"o}der, Monika JA and McEachern, Morven G},
  journal={British food journal},
  volume={107},
  number={4},
  pages={212--224},
  year={2005},
  publisher={Emerald Group Publishing Limited}
}